@Book{xie2015,
  title     = {Dynamic Documents with {R} and knitr},
  author    = {Yihui Xie},
  publisher = {Chapman and Hall/CRC},
  address   = {Boca Raton, Florida},
  year      = {2015},
  edition   = {2nd},
  note      = {ISBN 978-1498716963},
  url       = {http://yihui.name/knitr/},
}
@Manual{rcore2018,
  title        = {R: A Language and Environment for Statistical Computing},
  author       = {{R Core Team}},
  organization = {R Foundation for Statistical Computing},
  address      = {Vienna, Austria},
  year         = {2018},
  url          = {https://www.R-project.org/},
}
@Book{xie2016,
  title     = {bookdown: Authoring Books and Technical Documents with {R} Markdown},
  author    = {Yihui Xie},
  publisher = {Chapman and Hall/CRC},
  address   = {Boca Raton, Florida},
  year      = {2016},
  note      = {ISBN 978-1138700109},
  url       = {https://github.com/rstudio/bookdown},
}
@electronic{eppo2018,
  author  = {{EPPO}},
  title   = {{EPPO} Global Database (available online)},
  year    = 2018,
  url     = {https://gd.eppo.int},
  urldate = {2018-09-28},
}
@Article{RCoreTeam,
  title  = {{rentrez}: an R package for the NCBI eUtils API},
  author = {David J. Winter},
  journal = {The R Journal},
  year   = {2017},
  volume = {9},
  issue = {2},
  pages = {520--526},
}
@Article{purcell1992,
  title  = {Biological control of Helicoverpa zea (Lepidoptera: Noctuidae) with Steinernema carpocapsae (Rhabditida: Steinernematidae) in corn used as a trap crop},
  author = {Mary Purcell and Marshall W. Johnson and Lynn M. Lebeck and Arnold H. Hara},
  journal = {Environmental Entomology},
  year   = {1992},
  volume = {21},
  issue = {6},
  pages = {1441--1447},
}
@Article{luliang2002,
  title  = {Spatial pattern of cotton bollworm (Helicoverpa zea) eggs with geostatistics},
  author = {Lu YongYue and Liang GuangWen},
  journal = {Journal of Huazhong Agricultural University},
  year   = {2017},
  volume = {21},
  issue = {1},
  pages = {13--17},
}
@Article{billen1984,
  title  = {Tropische Insekten in Basel},
  author = {Wolfgang Billen},
  journal = {Mitteilungen der Entomologischen Gesellschaft Basel},
  year   = {1984},
  volume = {34},
  issue = {4},
  pages = {141--144},
}
@electronic{cabi2017,
  author  = {{CABI}},
  title   = {textit{Helicoverpa zea}},
  year    = {2018},
  url     = {https://www.cabi.org/isc/datasheet/26776},
  urldate = {2018-09-28},
}
@inbook{kogan1989,
  title     = {Distribution and economic importance of Heliothis virescens and textit{Helicoverpa zea} in North, Central, and South America and of their natural enemies and host plants.},
  booktitle = {Proceedings of the workshop on the biological control of Heliothis: increasing the effectiveness of natural enemies.},
  author    = {M. Kogan and C.G. Helm and J. Kogan and E. Brewer},
  editor    = {E.G. King and R.D. Jackson},
  publisher = {USDA, Far East Regional Office},
  year      = {1989},
  address   = {New Delhi, Indie},
  pages     = {241--297},
}
@electronic{capinera2000,
  author  = {J.L. Capinera},
  title   = {Corn Earworm, textit{Helicoverpa (=Heliothis) zea}  (Boddie) (Lepidoptera: Noctuidae) Florida Cooperative Extension Service},
  year    = {2000},
  url     = {http://entnemdept.ufl.edu/creatures/veg/corn_earworm.htm},
  urldate = {2018-09-28},
  address = {Institute of Food and Agricultural Sciences, University of Florida},
}
@Manual{csiro2004,
  title        = {Dymex Simulator Application 2.0.},
  author       = {{Commonwealth Scientific and Industrial Research Organisation (CSIRO)}},
  organization = {Hearn Scientific Software},
  address      = {Australia},
  year         = {2004},
}
@electronic{cabieppo2017,
  author  = {{CABI/EPPO}},
  title   = {EPPO quarantine pest Prepared by CABI and EPPO for the EU under Contract 90/399003 Data Sheets on Quarantine Pests Helicoverpa zea},
  year    = {2017},
  url     = {https://extension.entm.purdue.edu/CAPS/pdf/datasheets/OldWorldBollworm.pdf},
  urldate = {2018-09-28}
}
@inbook{ipcc2014,
  title     = {Summary for policymakers},
  booktitle = {Climate Change 2014: Impacts, Adaptation, and Vulnerability. Part A: Global and Sectoral Aspects. Contribution of Working Group II to the Fifth Assessment Report of the Intergovernmental Panel on Climate Change.},
  author    = {IPCC},
  editor    = {C.B. Field and V.R. Barros and D.J. Dokken and et al.},
  publisher = {Cambridge University Press},
  address   = {Cambridge, United Kingdom and New York, USA},
  year      = {1989},
  pages     = {1-32},
  url       = {https://ipcc-wg2.gov/AR5/images/uploads/WG2AR5_SPM_FINAL.pdf},
}
@Article{kriticos2012,
  title  = {CliMond: global high resolution historical and future scenario climate surfaces for bioclimatic modelling},
  author = {D.J. Kriticos and B.L. Webber and A. Leriche and N. Ota and I. Macadam and J. Bathols and J.K. Scott},
  journal = {Methods in Ecology and Evolution},
  year   = {2012},
  volume = {3},
  pages = {53--64},
}
@Article{mika2010,
  title  = {Climate change scenarios and models yield conflicting predictions about the future risk of an invasice species in North America},
  author = {A.M. Mika and J.A. Newman},
  journal = {Agricultural and Forest Entomology},
  year   = {2010},
  volume = {12},
  pages = {213--221},
}
@Article{olmstead2016,
  title   = {Biology, ecology, and evolving management of Helicoverpa zea (Lepidoptera: Noctuidae) in sweet corn in the United States},
  author  = {D.L. Olmstead and B.A. Nault and A.M. Shelton},
  journal = {Journal of Economic Entomology Advance},
  year    = {2016},
  volume  = {109},
  issue   = {4},
  pages   = {1667--1676},
}
@Article{zalucki2005,
  title   = {Forecasting Helicoverpa populations in Australia: A comparison of regression based models and a bio-climatic based model approach},
  author  = {M.P. Zalucki and M.J. Furlong},
  journal = {Insect Science},
  year    = {2015},
  volume  = {12},
  pages   = {45--56},
}
@inbook{passoa2014,
  title     = {Key to the identification of Helicoverpa armigera suspects intercepted at U.S. ports of entry},
  booktitle = {LepIntercept, An identification resource for intercepted Lepidoptera larvae},
  author    = {S.C. Passoa},
  editor    = {T.M. Gilligan and S. C. Passoa},
  publisher = {USDA/APHIS/PPQ/S&T},
  address   = {Fort Collins, CO., USA},
  note      = {Identification Technology Program (ITP)},
  year      = {2014},
  pages     = {1-3},
  url       = {http://idtools.org/id/leps/lepintercept/LepIntercept_ArmigeraKey.pdf},
}
@electronic{lepintercept2017,
  author  = {Lepintercept},
  title   = {Lepintercept. An identification resource for intercepted Lepidoptera larvae},
  year    = 2017,
  url     = {http://idtools.org/id/leps/lepintercept/zea.html},
  urldate = {2018-09-28},
}
